@webpage {WikiCrystal,
	Date-Added = {2019-03-17 21:22:49 -0600},
	Date-Modified = {2019-03-17 21:23:47 -0600},
	Keywords = {Miller Indices},
	Month = {March},
	Url = {https://en.wikipedia.org/wiki/Crystal_structure},
	Year = {2019}}
